@book{Osborne2004,
  title={An introduction to game theory},
  author={Osborne, Martin J and others},
  volume={3},
  number={3},
  year={2004},
  publisher={Oxford university press New York}
}

@article{Lee2015,
    author = {C. Lee and M. Harper and D. Fryer},
    journal = {PLOS ONE},
    publisher = {Public Library of Science},
    title = {The Art of War: Beyond Memory-one Strategies in Population Games},
    year = {2015},
    month = {03},
    volume = {10},
    url = {https://doi.org/10.1371/journal.pone.0120625},
    pages = {1-16},
    number = {3},
    doi = {10.1371/journal.pone.0120625}
}