%%%%%%%%%%%%%%%%%%%%%%%%%%%%Prisoner's Dilemma%%%%%%%%%%%%%%%%%%%%%%%%%%%%%%%%%%
@article{Flood1958,
author = {M. M. Flood},
title = {Some Experimental Games},
journal = {Management Science},
volume = {5},
number = {1},
pages = {5-26},
year = {1958},
doi = {10.1287/mnsc.5.1.5},
URL = { https://doi.org/10.1287/mnsc.5.1.5},
eprint = {https://doi.org/10.1287/mnsc.5.1.5}
}
@article{Perc2008,
  title={Social diversity and promotion of cooperation in the spatial prisoner’s dilemma game},
  author={Perc, Matja{\v{z}} and Szolnoki, Attila},
  journal={Physical Review E},
  volume={77},
  number={1},
  pages={011904},
  year={2008},
  publisher={APS}
}
@article{Turner1999,
  title={Prisoner's dilemma in an RNA virus},
  author={Turner, Paul E and Chao, Lin},
  journal={Nature},
  volume={398},
  number={6726},
  pages={441},
  year={1999},
  publisher={Nature Publishing Group}
}
@article{Wu2011,
  title={Moving away from nasty encounters enhances cooperation in ecological prisoner's dilemma game},
  author={Wu, Te and Fu, Feng and Wang, Long},
  journal={PLoS One},
  volume={6},
  number={11},
  pages={e27669},
  year={2011},
  publisher={Public Library of Science}
}
@article{Press2012,
  title={Iterated Prisoner’s Dilemma contains strategies that dominate any evolutionary opponent},
  author={Press, William H and Dyson, Freeman J},
  journal={Proceedings of the National Academy of Sciences},
  volume={109},
  number={26},
  pages={10409--10413},
  year={2012},
  publisher={National Acad Sciences}
}
@article{Zimmermann2005,
  title={Cooperation, social networks, and the emergence of leadership in a prisoner’s dilemma with adaptive local interactions},
  author={Zimmermann, Mart{\'\i}n G and Egu{\'\i}luz, V{\'\i}ctor M},
  journal={Physical Review E},
  volume={72},
  number={5},
  pages={056118},
  year={2005},
  publisher={APS}
}
@article{Doebeli2005,
  title={Models of cooperation based on the Prisoner's Dilemma and the Snowdrift game},
  author={Doebeli, Michael and Hauert, Christoph},
  journal={Ecology letters},
  volume={8},
  number={7},
  pages={748--766},
  year={2005},
  publisher={Wiley misc Library}
}
@article{Ohtsuki2006,
  title={A simple rule for the evolution of cooperation on graphs and social networks},
  author={Ohtsuki, Hisashi and Hauert, Christoph and Lieberman, Erez and Nowak, Martin A},
  journal={Nature},
  volume={441},
  number={7092},
  pages={502},
  year={2006},
  publisher={Nature Publishing Group}
}
@article{Stewart2012,
  title={Extortion and cooperation in the Prisoner’s Dilemma},
  author={Stewart, Alexander J and Plotkin, Joshua B},
  journal={Proceedings of the National Academy of Sciences},
  volume={109},
  number={26},
  pages={10134--10135},
  year={2012},
  publisher={National Acad Sciences}
}
@article{Riolo2001,
  title={Evolution of cooperation without reciprocity},
  author={Riolo, Rick L and Cohen, Michael D and Axelrod, Robert},
  journal={Nature},
  volume={414},
  number={6862},
  pages={441},
  year={2001},
  publisher={Nature Publishing Group}
}
@article{Axelrod1980,
  title={Effective choice in the prisoner's dilemma},
  author={Axelrod, Robert},
  journal={Journal of conflict resolution},
  volume={24},
  number={1},
  pages={3--25},
  year={1980},
  publisher={Sage Publications Sage CA: Los Angeles, CA}
}
@article{Axelrod1980more,
  title={More effective choice in the prisoner's dilemma},
  author={Axelrod, Robert},
  journal={Journal of Conflict Resolution},
  volume={24},
  number={3},
  pages={379--403},
  year={1980},
  publisher={Sage Publications Sage CA: Los Angeles, CA}
}
% Topic A
@article{Bell2017,
  title={Separating conditional and unconditional cooperation in a sequential Prisoner’s Dilemma game},
  author={Bell, Raoul and Mieth, Laura and Buchner, Axel},
  journal={PloS one},
  volume={12},
  number={11},
  pages={e0187952},
  year={2017},
  publisher={Public Library of Science}
}
@article{Matsumoto2016,
  title={Prosocial behavior increases with age across five economic games},
  author={Matsumoto, Yoshie and Yamagishi, Toshio and Li, Yang and Kiyonari, Toko},
  journal={PloS one},
  volume={11},
  number={7},
  pages={e0158671},
  year={2016},
  publisher={Public Library of Science}
}
@article{Zhu2014,
  title={The relationship between moral judgment and cooperation in children with high-functioning autism},
  author={Li, Jing and Zhu, Liqi and Gummerum, Michaela},
  journal={Scientific Reports},
  volume={4},
  pages={4314},
  year={2014},
  publisher={Nature Publishing Group}
}
@article{Molina2013,
  title={Gender differences in cooperation: experimental evidence on high school students},
  author={Molina, J Alberto and Gim{\'e}nez-Nadal, J Ignacio and Cuesta, Jos{\'e} A and Gracia-Lazaro, Carlos and Moreno, Yamir and Sanchez, Angel},
  journal={PloS one},
  volume={8},
  number={12},
  pages={e83700},
  year={2013},
  publisher={Public Library of Science}
}
% Topic B
@article{Sistrom2015,
  title={Genomic and gene-expression comparisons among phage-resistant type-IV pilus mutants of Pseudomonas syringae pathovar phaseolicola},
  author={Sistrom, Mark and Park, Derek and O’Brien, Heath E and Wang, Zheng and Guttman, David S and Townsend, Jeffrey P and Turner, Paul E},
  journal={PloS one},
  volume={10},
  number={12},
  pages={e0144514},
  year={2015},
  publisher={Public Library of Science}
}
@article{Santorelli2008,
  title={Facultative cheater mutants reveal the genetic complexity of cooperation in social amoebae},
  author={Santorelli, Lorenzo A and Thompson, Christopher RL and Villegas, Elizabeth and Svetz, Jessica and Dinh, Christopher and Parikh, Anup and Sucgang, Richard and Kuspa, Adam and Strassmann, Joan E and Queller, David C and others},
  journal={Nature},
  volume={451},
  number={7182},
  pages={1107},
  year={2008},
  publisher={Nature Publishing Group}
}
@article{michod2001cooperation,
  title={Cooperation and conflict in the evolution of multicellularity},
  author={Michod, Richard E and Roze, Denis},
  journal={Heredity},
  volume={86},
  number={1},
  pages={1},
  year={2001},
  publisher={Nature Publishing Group}
}
@article{turner1999prisoner,
  title={Prisoner's dilemma in an RNA virus},
  author={Turner, Paul E and Chao, Lin},
  journal={Nature},
  volume={398},
  number={6726},
  pages={441},
  year={1999},
  publisher={Nature Publishing Group}
}
@article{archetti2013evolutionary,
  title={Evolutionary game theory of growth factor production: implications for tumour heterogeneity and resistance to therapies},
  author={Archetti, Marco},
  journal={British journal of cancer},
  volume={109},
  number={4},
  pages={1056},
  year={2013},
  publisher={Nature Publishing Group}
}
@article{wu2019phenotype,
  title={Phenotype affinity mediated interactions can facilitate the evolution of cooperation},
  author={Wu, Te and Fu, Feng and Wang, Long},
  journal={Journal of theoretical biology},
  volume={462},
  pages={361--369},
  year={2019},
  publisher={Elsevier}
}
@article{sartakhti2017,
  title={Evolutionary emergence of angiogenesis in avascular tumors using a spatial public goods game},
  author={Sartakhti, Javad Salimi and Manshaei, Mohammad Hossein and Basanta, David and Sadeghi, Mehdi},
  journal={PloS one},
  volume={12},
  number={4},
  pages={e0175063},
  year={2017},
  publisher={Public Library of Science}
}
@article{hol2013spatial,
  title={Spatial structure facilitates cooperation in a social dilemma: empirical evidence from a bacterial community},
  author={Hol, Felix JH and Galajda, Peter and Nagy, Krisztina and Woolthuis, Rutger G and Dekker, Cees and Keymer, Juan E},
  journal={PloS one},
  volume={8},
  number={10},
  pages={e77042},
  year={2013},
  publisher={Public Library of Science}
}
% Topic C
@article{ashlock2008fingerprinting,
  title={Fingerprinting: Visualization and automatic analysis of prisoner's dilemma strategies},
  author={Ashlock, Daniel and Kim, Eun-Youn},
  journal={IEEE Transactions on Evolutionary Computation},
  volume={12},
  number={5},
  pages={647--659},
  year={2008},
  publisher={IEEE}
}
@article{banerjee2007reaching,
  title={Reaching pareto-optimality in prisoner’s dilemma using conditional joint action learning},
  author={Banerjee, Dipyaman and Sen, Sandip},
  journal={Autonomous Agents and Multi-Agent Systems},
  volume={15},
  number={1},
  pages={91--108},
  year={2007},
  publisher={Springer}
}
@article{stewart2013extortion,
  title={From extortion to generosity, evolution in the iterated prisoner’s dilemma},
  author={Stewart, Alexander J and Plotkin, Joshua B},
  journal={Proceedings of the National Academy of Sciences},
  volume={110},
  number={38},
  pages={15348--15353},
  year={2013},
  publisher={National Acad Sciences}
}
@article{ishibuchi2011evolution,
  title={Evolution of strategies with different representation schemes in a spatial iterated prisoner's dilemma game},
  author={Ishibuchi, Hisao and Ohyanagi, Hiroyuki and Nojima, Yusuke},
  journal={IEEE Transactions on Computational Intelligence and AI in Games},
  volume={3},
  number={1},
  pages={67--82},
  year={2011},
  publisher={IEEE}
}
% Topic D
@article{ichinose2013robustness,
  title={Robustness of cooperation on scale-free networks under continuous topological change},
  author={Ichinose, Genki and Tenguishi, Yuto and Tanizawa, Toshihiro},
  journal={Physical Review E},
  volume={88},
  number={5},
  pages={052808},
  year={2013},
  publisher={APS}
}
@article{chen2016fixation,
  title={Fixation probabilities for any configuration of two strategies on regular graphs},
  author={Chen, Yu-Ting and McAvoy, Alex and Nowak, Martin A},
  journal={Scientific reports},
  volume={6},
  pages={39181},
  year={2016},
  publisher={Nature Publishing Group}
}
@article{wang2012spatial,
  title={Spatial prisoner’s dilemma games with increasing size of the interaction neighborhood on regular lattices},
  author={Wang, Juan and Xia, ChengYi and Wang, YiLing and Ding, Shuai and Sun, JunQing},
  journal={Chinese science bulletin},
  volume={57},
  number={7},
  pages={724--728},
  year={2012},
  publisher={Springer}
}
% Topic E
@inproceedings{Guan2002,
  title={Gaming and price spikes in electric power markets and possible remedies},
  author={Guan, Xiaohong},
  booktitle={Proceedings. International Conference on Power System Technology},
  volume={1},
  pages={188--vol},
  year={2002},
  organization={IEEE}
}
@article{hutchins2016relative,
  title={Relative Citation Ratio (RCR): A new metric that uses citation rates to measure influence at the article level},
  author={Hutchins, B Ian and Yuan, Xin and Anderson, James M and Santangelo, George M},
  journal={PLoS biology},
  volume={14},
  number={9},
  pages={e1002541},
  year={2016},
  publisher={Public Library of Science}
}
@inproceedings{feng2008study,
  title={A Study on Information Sharing between Members in a Virtual Team Based on the KMRW Model},
  author={Feng, Xiuzhen and Liu, Yijian},
  booktitle={2008 4th International Conference on Wireless Communications, Networking and Mobile Computing},
  pages={1--4},
  year={2008},
  organization={IEEE}
}
@inproceedings{feng2008trilateral,
  title={Trilateral Game Analysis on Information Sharing among Members in a Virtual Team},
  author={Feng, Xiuzhen and Liu, Yijian},
  booktitle={2008 IEEE Symposium on Advanced Management of Information for Globalized Enterprises (AMIGE)},
  pages={1--5},
  year={2008},
  organization={IEEE}
}
@article{ormerod2010or,
  title={OR as rational choice: A decision and game theory perspective},
  author={Ormerod, Richard J},
  journal={Journal of the Operational Research Society},
  volume={61},
  number={12},
  pages={1761--1776},
  year={2010},
  publisher={Taylor \& Francis}
}
%%%%%%%%%%%%%%%%%%%%%%%%%%%%%%%%%PD SOFTWARE%%%%%%%%%%%%%%%%%%%%%%%%%%%%%%%%%%%%
@misc{fortan_code,
  title = {Complexity of Cooperation Web Site},
  howpublished = {\url{http://www-personal.umich.edu/~axe/research/Software/CC/CC2.html}},
  note = {Accessed: 2017-10-23}
}
@misc{prison,
  title = {LIFL (1998) PRISON},
  howpublished = {\url{http://www.lifl.fr/IPD/ipd.frame.html}},
  note = {Accessed: 2017-10-23}
}
@misc{pd_game,
  title = {The Iterated Prisoner's Dilemma Game},
  howpublished = {\url{http://selborne.nl/ipd/}},
  note = {Accessed: 2017-10-23}
}
@misc{pd_trust,
  title = {The Evolution of Trust},
  howpublished = {\url{http://ncase.me/trust/}},
  note = {Accessed: 2017-10-23}
}
%%%%%%%%%%%%%%%%%%%%%%%%%%%%%%%TEXTBOOKS%%%%%%%%%%%%%%%%%%%%%%%%%%%%%%%%%%%%%%%%
@article{eddy1996,
  title={Hidden markov models},
  author={S. R. Eddy},
  journal={Current opinion in structural biology},
  volume={6},
  number={3},
  pages={361--365},
  year={1996},
  publisher={Elsevier}
}

@article{moore1956,
  title={Gedanken-experiments on sequential machines},
  author={E. F. Moore},
  journal={Automata studies},
  volume={34},
  pages={129--153},
  year={1956}
}

@article{Koza1997,
  title={Genetic programming},
  author={J. R. Koza},
  year={1997},
  publisher={Citeseer}
}

@book{Easley2010,
  title={Networks, crowds, and markets},
  author={D. Easley and J. Kleinberg and others},
  volume={8},
  year={2010},
  publisher={Cambridge university press Cambridge}
}
%%%%%%%%%%%%%%%%%%%%%%%%%%%%%%%%%%%%APIS%%%%%%%%%%%%%%%%%%%%%%%%%%%%%%%%%%%%%%%%
@article{mckiernan2000,
  title={arXiv. org: the Los Alamos National Laboratory e-print server},
  author={G. McKiernan},
  journal={International Journal on Grey Literature},
  volume={1},
  number={3},
  pages={127--138},
  year={2000},
  publisher={MCB UP Ltd}
}

@misc{ieee,
  author = {IEEE},
  title = {IEEE Xplore Digital Library},
  howpublished = {http://ieeexplore.ieee.org/Xplore/home.jsp},
}

@misc{nature,
  author = {Nature Publishing Group},
  title = {Nature},
  year = 1869,
  howpublished = {https://www.nature.com/},
}

@misc{springer,
  author = {Mannheim Media},
  title = {Springer Publishing },
  year = 1950,
  howpublished = {http://www.springer.com/},
}

@misc{plos,
      title = "{PLOS} Public Library of Science",
      howpublished={https://www.plos.org/}
}

%%%%%%%%%%%%%%%%%%%%%%%%%%%%%%%%%%%%%%BLOGS%%%%%%%%%%%%%%%%%%%%%%%%%%%%%%%%%%%%%
@misc{trust_bloga,
  title = {Game theory and the evolution of trust},
  author = {N. Kinch},
  journal = {Medium},
  type = {Blog},
  howpublished = {\url{https://medium.com/greater-than-experience-design/game-theory-and-the-evolution-of-trust-6da95b33407a}},
}

@misc{trust_blogb,
  title = {The Evolution of Trust is a cute explain-o-game about cooperation},
  author = {S. Horti},
  journal = {Rock, Paper, Shotgun},
  type = {Blog},
  howpublished = {\url{http://ncase.me/trust/}},
}

@misc{nature_blog,
author = {R. Van Noorden},
title = {The science that’s never been cited},
journal = {Nature},
type = {Blog},
number = {December 17},
year = {2017},
howpublished = {\url{https://www.nature.com/articles/d41586-017-08404-0}}
}
@misc{southampton_blog,
author = {University of Southampton},
title = {University of Southampton team wins Prisoner's Dilemma competition},
type = {Blog},
number = {7 October},
year = {2004},
howpublished = {\url{https://www.southampton.ac.uk/news/2004/10/team-wins-competition.page}}
}
@misc{nature_author_blog,
author = {Smriti Mallapaty},
title = {Paper authorship goes hyper},
type = {Blog},
number = {30 January},
year = {2018},
howpublished = {\url{https://www.natureindex.com/news-blog/paper-authorship-goes-hyper}}
}
@misc{arcas_blog,
author = {Ilyass Tabiai},
title = {Exploring the evolution of Open Access publications with Arcas},
type = {Blog},
number = {11 November},
year = {2019},
howpublished = {\url{http://iltabiai.github.io}}
}
@misc{brane,
author = {Smriti Mallapaty},
title = {The Brane},
type = {Website},
year = {2016},
howpublished = {\url{https://thebrane.com}}
}
%%%%%%%%%%%%%%%%%%%%%%%%%%%%%%%%%%BIBLIOMETRICS%%%%%%%%%%%%%%%%%%%%%%%%%%%%%%%%%
@article{youngblood2018,
  title={A bibliometric analysis of the interdisciplinary field of cultural evolution},
  author={M. Youngblood and D. Lahti},
  journal={Palgrave Communications},
  volume={4},
  number={1},
  pages={120},
  year={2018},
  publisher={Nature Publishing Group}
}

@article{pritchard1969,
  title={Statistical bibliography or bibliometrics},
  author={A. Pritchard and others},
  journal={Journal of documentation},
  volume={25},
  number={4},
  pages={348--349},
  year={1969},
  publisher={New York}
}

@article{Liu2015,
author="P. Liu
and H. Xia",
title="Structure and evolution of co-authorship network in an interdisciplinary research field",
journal="Scientometrics",
year="2015",
month="Apr",
day="01",
volume="103",
number="1",
pages="101--134",
issn="1588-2861",
doi="10.1007/s11192-014-1525-y",
url="https://doi.org/10.1007/s11192-014-1525-y"
}

@article{raina1998,
  title={Four aspects of the institutionalization of physics research in India
  (1990--1950): Substantiating the claims of histortical sociology through bibliometrics},
  author={D. Raina and B. M. Gupta},
  journal={Scientometrics},
  volume={42},
  number={1},
  pages={17--40},
  year={1998},
  publisher={Springer}
}

@article{das2016,
  title={Intellectual structure in stem cell research: exploring Brazilian scientific articles from 2001 to 2010},
  author={R. das Neves Machado and B. Vargas-Quesada and J. Leta},
  journal={Scientometrics},
  volume={106},
  number={2},
  pages={525--537},
  year={2016},
  publisher={Springer}
}

@article{clauset2004,
  title={Finding community structure in very large networks},
  author={A. Clauset and M. E.J. Newman and C. Moore},
  journal={Physical review E},
  volume={70},
  number={6},
  pages={066111},
  year={2004},
  publisher={APS}
}

@article{Landherr2010,
author="A. Landherr
and B. Friedl
and J. Heidemann",
title="A Critical Review of Centrality Measures in Social Networks",
journal="Business {\&} Information Systems Engineering",
year="2010",
month="Dec",
day="01",
volume="2",
number="6",
pages="371--385",
issn="1867-0202",
doi="10.1007/s12599-010-0127-3",
url="https://doi.org/10.1007/s12599-010-0127-3"
}

@article{Blondel2008,
  title={Fast unfolding of communities in large networks},
  author={V. D. Blondel and J.L. Guillaume and R. Lambiotte and E. Lefebvre},
  journal={Journal of statistical mechanics: theory and experiment},
  volume={2008},
  number={10},
  pages={P10008},
  year={2008},
  publisher={IOP Publishing}
}

@article {sekara2018,
	author = {V. Sekara and P. Deville and S. E. Ahnert and A. Barab{\'a}si and R. Sinatra and S. Lehmann},
	title = {The chaperone effect in scientific publishing},
	volume = {115},
	number = {50},
	pages = {12603--12607},
	year = {2018},
	doi = {10.1073/pnas.1800471115},
	publisher = {National Academy of Sciences},
	issn = {0027-8424},
	URL = {https://www.pnas.org/content/115/50/12603},
	eprint = {https://www.pnas.org/content/115/50/12603.full.pdf},
	journal = {Proceedings of the National Academy of Sciences}
}

@article{alshebli2018,
  title={The preeminence of ethnic diversity in scientific collaboration},
  author={B. K. AlShebli and T. Rahwan and W. L. Woon},
  journal={Nature communications},
  volume={9},
  number={1},
  pages={5163},
  year={2018},
  publisher={Nature Publishing Group}
}

@article{Kyvik2017,
  title={Research collaboration in groups and networks: differences across academic fields},
  author={S. Kyvik and I. Reymert},
  journal={Scientometrics},
  volume={113},
  number={2},
  pages={951--967},
  year={2017},
  publisher={Springer}
}

@article{Etzkowitz1992,
  title={Individual investigators and their research groups},
  author={H. Etzkowitz},
  journal={Minerva},
  volume={30},
  number={1},
  pages={28--50},
  year={1992},
  publisher={Springer}
}
@article{Blei2003,
  title={Latent dirichlet allocation},
  author={Blei, David M and Ng, Andrew Y and Jordan, Michael I},
  journal={Journal of machine Learning research},
  volume={3},
  number={Jan},
  pages={993--1022},
  year={2003}
}

@article{Grimmer2013,
  title={Text as data: The promise and pitfalls of automatic content analysis methods for political texts},
  author={Grimmer, Justin and Stewart, Brandon M},
  journal={Political analysis},
  volume={21},
  number={3},
  pages={267--297},
  year={2013},
  publisher={Cambridge University Press}
}

@inproceedings{Roder2015,
  title={Exploring the space of topic coherence measures},
  author={R{\"o}der, Michael and Both, Andreas and Hinneburg, Alexander},
  booktitle={Proceedings of the eighth ACM international conference on Web search and data mining},
  pages={399--408},
  year={2015},
  organization={ACM}
}

@article{Li2019,
  title={Early coauthorship with top scientists predicts success in academic careers},
  author={Li, Weihua and Aste, Tomaso and Caccioli, Fabio and Livan, Giacomo},
  journal={Nature Communications},
  volume={10},
  number={1},
  pages={2041-1723},
  year={2019},
}
@article{Sugimoto2011,
  title={The shifting sands of disciplinary development: Analyzing North American Library and Information Science dissertations using latent Dirichlet allocation},
  author={Sugimoto, Cassidy R and Li, Daifeng and Russell, Terrell G and Finlay, S Craig and Ding, Ying},
  journal={Journal of the American Society for Information Science and Technology},
  volume={62},
  number={1},
  pages={185--204},
  year={2011},
  publisher={Wiley misc Library}
}
@article{Inglis2018,
  title={Five decades of mathematics education research},
  author={Inglis, Matthew and Foster, Colin},
  journal={Journal for Research in Mathematics Education},
  volume={49},
  number={4},
  pages={462--500},
  year={2018},
  publisher={JSTOR}
}
@article{Blei2007,
  title={A correlated topic model of science},
  author={Blei, David M and Lafferty, John D and others},
  journal={The Annals of Applied Statistics},
  volume={1},
  number={1},
  pages={17--35},
  year={2007},
  publisher={Institute of Mathematical Statistics}
}
@inproceedings{Bergmann2018,
  title={A scientometric analysis of evolang: Intersections and authorships},
  author={Bergmann, TILL and Dale, RICK},
  booktitle={The evolution of language:
  Proceedings of the 11th international conference (EVOLANGX11). http://evolang.
  org/neworleans/papers/182. html. Retrieved},
  volume={22},
  year={2018}
}
@article{Maaten2008,
  title={Visualizing data using t-SNE},
  author={Maaten, Laurens van der and Hinton, Geoffrey},
  journal={Journal of machine learning research},
  volume={9},
  number={Nov},
  pages={2579--2605},
  year={2008}
}
%%%%%%%%%%%%%%%%%%%%%%%%%%%%%%%PRICE OF ANARCHY%%%%%%%%%%%%%%%%%%%%%%%%%%%%%%%%%
@inproceedings{Koutsoupias1999,
 author = {E. Koutsoupias and C. Papadimitriou},
 title = {Worst-case Equilibria},
 booktitle = {Proceedings of the 16th Annual Conference on Theoretical Aspects of Computer Science},
 series = {STACS'99},
 year = {1999},
 isbn = {3-540-65691-X},
 location = {Trier, Germany},
 pages = {404--413},
 numpages = {10},
 url = {http://dl.acm.org/citation.cfm?id=1764891.1764944},
 acmid = {1764944},
 publisher = {Springer-Verlag},
 address = {Berlin, Heidelberg},
} 

@book{roughgarden2005,
  title={Selfish routing and the price of anarchy},
  author={T. Roughgarden},
  volume={174},
  year={2005},
  publisher={MIT press Cambridge}
}
%%%%%%%%%%%%%%%%%%%%%%%%%%%%%%%%AUCTION THEORY%%%%%%%%%%%%%%%%%%%%%%%%%%%%%%%%%%
@article{Shubik1971,
author = {M. Shubik},
title ={The Dollar Auction game: a paradox in noncooperative behavior and escalation},
journal = {Journal of Conflict Resolution},
volume = {15},
number = {1},
pages = {109-111},
year = {1971},
doi = {10.1177/002200277101500111},
URL = { 
        https://doi.org/10.1177/002200277101500111},
eprint = { 
        https://doi.org/10.1177/002200277101500111}
}

@book{menezes2005,
  title={An introduction to auction theory},
  author={F. M. Menezes and P. K. Monteiro},
  year={2005},
  publisher={OUP Oxford}
}
%%%%%%%%%%%%%%%%%%%%%%%%%%%%%%%%%LIBRARIES%%%%%%%%%%%%%%%%%%%%%%%%%%%%%%%%%%%%%%
@misc{scipy,
  author =    {E. Jones and T. Oliphant and P. Peterson and others},
  title =     {{SciPy}: Open source scientific tools for {Python}},
  year =      {2001--},
  url = "http://www.scipy.org/",
  note = {[misc; accessed <today>]}
}

@inproceedings{networkx,
author = {A. A. Hagberg and D. A. Schult and P. J. Swart},
title = {Exploring network structure, dynamics, and function using {NetworkX}},
year = {2008},
month = Aug,
urlpdf = {http://math.lanl.gov/~hagberg/Papers/hagberg-2008-exploring.pdf},
booktitle = {Proceedings of the 7th Python in Science Conference (SciPy2008)},
editors = {Gael Varoquaux, Travis Vaught, and Jarrod Millman},
address = {Pasadena, CA USA},
pages = {11--15}
}

@paper{ICWSM09154,
author = {M. Bastian and S. Heymann and M. Jacomy},
title = {Gephi: An Open Source Software for Exploring and Manipulating Networks},
conference = {International AAAI Conference on Weblogs and Social Media},
year = {2009},
url = {http://www.aaai.org/ocs/index.php/ICWSM/09/paper/view/154}
}

@misc{nikoleta_2017,
  author       = {N. E. Glynatsi and
                  V. Knight},
  title        = {Nikoleta-v3/Arcas: Arcas v 0.0.4},
  month        = dec,
  year         = 2017,
  doi          = {10.5281/zenodo.1127684},
  howpublished = {https://doi.org/10.5281/zenodo.1127684}
}

@article{nurseitov2009,
  title={Comparison of JSON and XML data interchange formats: a case study.},
  author={N. Nurseitov and M. Paulson and R. Reynolds and C. Izurieta},
  journal={Caine},
  volume={2009},
  pages={157--162},
  year={2009}
}

@article{hunter2007matplotlib,
  title = {{Matplotlib: A 2D graphics environment}},
  author = {J. D. Hunter},
  journal = {Computing In Science \& Engineering},
  volume = {9},
  number = {3},
  pages = {90--95},
  year = {2007},
  publisher = {IEEE}
}

@article{walt2011numpy,
  title = {{The NumPy array: a structure for efficient numerical computation}},
  author = {S. Walt and S. C. Colbert and G. Varoquaux},
  journal = {Computing in Science \& Engineering},
  volume = {13},
  number = {2},
  pages = {22--30},
  year = {2011},
  publisher = {IEEE}
}

@inproceedings{rehurek_lrec,
      title = {{Software Framework for Topic Modelling with Large Corpora}},
      author = {Radim {\v R}eh{\r u}{\v r}ek and Petr Sojka},
      booktitle = {{Proceedings of the LREC 2010 Workshop on New
           Challenges for NLP Frameworks}},
      pages = {45--50},
      year = 2010,
      month = May,
      day = 22,
      publisher = {ELRA},
      address = {Valletta, Malta},
      note={\url{http://is.muni.cz/publication/884893/en}},
      language={English}
}
@inproceedings{Sievert2014,
  title={LDAvis: A method for visualizing and interpreting topics},
  author={Sievert, Carson and Shirley, Kenneth},
  booktitle={Proceedings of the workshop on interactive language learning, visualization, and interfaces},
  pages={63--70},
  year={2014}
}
%%%%%%%%%%%%%%%%%%%%%%%%%%%%%%%%%%%%%%DATA%%%%%%%%%%%%%%%%%%%%%%%%%%%%%%%%%%%%%%
@misc{pd_data_2018,
  author       = {N. E. Glynatsi},
  title        = {Articles' meta data on the Prisoner's Dilemma},
  month        = sep,
  year         = 2019,
  doi          = {10.5281/zenodo.3406536},
  howpublished = {https://doi.org/10.5281/zenodo.3406536}
}

@misc{anarchy_data_2018, 
  author       = {N. E. Glynatsi},
  title        = {Articles' meta data on the Price of Anarchy},
  month        = sep,
  year         = 2019,
  doi          = {10.5281/zenodo.3406542},
  howpublished = {https://doi.org/10.5281/zenodo.3406542}
}

@misc{auction_data_2018, 
  author       = {N. E. Glynatsi},
  title        = {Articles' meta data on Auction Games},
  month        = sep,
  year         = 2019,
  doi          = {10.5281/zenodo.3406544},
  howpublished = {https://doi.org/10.5281/zenodo.3406544}
}
%%%%%%%%%%%%%%%%%%%%%%%%%%%%%%%%%%%%%%TOPICS%%%%%%%%%%%%%%%%%%%%%%%%%%%%%%%%%%%%
@article{Geniole2012,
  title={Facing aggression: Cues differ for female versus male faces},
  author={Geniole, Shawn N and Keyes, Amanda E and Mondloch, Catherine J and Carr{\'e}, Justin M and McCormick, Cheryl M},
  journal={PLOS one},
  volume={7},
  number={1},
  pages={e30366},
  year={2012},
  publisher={Public Library of Science}
}

@article{Chen2007,
  title={Influence of initial distributions on robust cooperation in evolutionary Prisoner's Dilemma},
  author={Chen, Xiaojie and Fu, Feng and Wang, Long},
  journal={arXiv preprint physics/0701318},
  year={2007}
}

%%%%%%%%%%%%%%%%%%%%%%%%%%%%%%%%%LDA Applications%%%%%%%%%%%%%%%%%%%%%%%%%%%%%%%
@article{Agarwal2008,
  title={Multilevel image coding with hyperfeatures},
  author={Agarwal, Ankur and Triggs, Bill},
  journal={International Journal of Computer Vision},
  volume={78},
  number={1},
  pages={15--27},
  year={2008},
  publisher={Springer}
}
@article{Coelho2010,
  title={Quantifying the distribution of probes between subcellular locations using unsupervised pattern unmixing},
  author={Coelho, Luis Pedro and Peng, Tao and Murphy, Robert F},
  journal={Bioinformatics},
  volume={26},
  number={12},
  pages={i7--i12},
  year={2010},
  publisher={Oxford University Press}
}
@article{Niebles2008,
  title={Unsupervised learning of human action categories using spatial-temporal words},
  author={Niebles, Juan Carlos and Wang, Hongcheng and Fei-Fei, Li},
  journal={International journal of computer vision},
  volume={79},
  number={3},
  pages={299--318},
  year={2008},
  publisher={Springer}
}
@article{Wang2008,
  title={Unsupervised activity perception in crowded and complicated scenes using hierarchical bayesian models},
  author={Wang, Xiaogang and Ma, Xiaoxu and Grimson, W Eric L},
  journal={IEEE Transactions on pattern analysis and machine intelligence},
  volume={31},
  number={3},
  pages={539--555},
  year={2008},
  publisher={IEEE}
}
@article{Debarre2014,
  title={Social evolution in structured populations},
  author={D{\'e}barre, Florence and Hauert, C and Doebeli, M},
  journal={Nature Communications},
  volume={5},
  pages={3409},
  year={2014},
  publisher={Nature Publishing Group}
}
@article{Vukov2005,
  title={Evolutionary prisoner’s dilemma game on hierarchical lattices},
  author={Vukov, Jeromos and Szab{\'o}, Gy{\"o}rgy},
  journal={Physical Review E},
  volume={71},
  number={3},
  pages={036133},
  year={2005},
  publisher={APS}
}%%%%%%%%%%%%%%%%%%%%%%%%%%%%%%%LITERATURE%%%%%%%%%%%%%%%%%%%%%%%%%%%%%%%%%%%%%%%
@article{Molander1985,
 ISSN = {00220027, 15528766},
 URL = {http://www.jstor.org/stable/174244},
 author = {P. Molander},
 journal = {The Journal of Conflict Resolution},
 number = {4},
 pages = {611-618},
 publisher = {Sage Publications, Inc.},
 title = {The Optimal Level of Generosity in a Selfish, Uncertain Environment},
 volume = {29},
 year = {1985}
}
@article{Hammerstein1984,
title={Gaps in Harley's argument on evolutionarily stable learning rules and in
the logic of “tit for tat”},
volume={7},
DOI={10.1017/S0140525X00026479},
number={1},
journal={Behavioral and Brain Sciences},
publisher={Cambridge University Press},
author={R. Selten and P. Hammerstein},
year={1984},
pages={115–116}
}
@article{Bendor1991,
 ISSN = {00220027, 15528766},
 author = {J. Bendor and R. M. Kramer and S. Stout},
 URL = {http://www.jstor.org/stable/174072},
 journal = {The Journal of Conflict Resolution},
 number = {4},
 pages = {691-719},
 publisher = {Sage Publications, Inc.},
 title = {When in Doubt... Cooperation in a Noisy Prisoner's Dilemma},
 volume = {35},
 year = {1991}
}
@article{Stephens2002,
  title={Discounting and reciprocity in an iterated prisoner's dilemma},
  author={Stephens, David W and McLinn, Colleen M and Stevens, Jeffery R},
  journal={Science},
  volume={298},
  number={5601},
  pages={2216--2218},
  year={2002},
  publisher={American Association for the Advancement of Science}
}
@book{Kendall2007,
  title={The iterated prisoners' dilemma: 20 years on},
  author={Kendall, Graham and Yao, Xin and Chong, Siang Yew},
  volume={4},
  year={2007},
  publisher={World Scientific}
}
@book{Donninger1986,
author="C. Donninger",
title="Is it Always Efficient to be Nice? A Computer Simulation of Axelrod's Computer Tournament",
bookTitle="Paradoxical Effects of Social Behavior: Essays in Honor of Anatol Rapoport",
year="1986",
publisher="Physica-Verlag HD",
address="Heidelberg",
pages="123--134",
isbn="978-3-642-95874-8",
doi="10.1007/978-3-642-95874-8_9",
url="https://doi.org/10.1007/978-3-642-95874-8_9"
}
@article{Nowak1992,
  title={Tit for tat in heterogeneous populations},
  author={Nowak, Martin A and Sigmund, Karl},
  journal={Nature},
  volume={355},
  number={6357},
  pages={250},
  year={1992},
  publisher={Nature Publishing Group}
}
@article{Harper2017,
  title={Reinforcement learning produces dominant strategies for the Iterated Prisoner’s Dilemma},
  author={Harper, Marc and Knight, Vincent and Jones, Martin and Koutsovoulos, Georgios and Glynatsi, Nikoleta E and Campbell, Owen},
  journal={PloS one},
  volume={12},
  number={12},
  pages={e0188046},
  year={2017},
  publisher={Public Library of Science}
}

@misc{us_blog,
  title = {A New Way Out of the Prisoner's Dilemma: Cheat},
  author = {C. Crick},
  journal = {IEEE Spectrum},
  type = {Blog},
  howpublished = {\url{https://spectrum.ieee.org/computing/software/a-new-way-out-of-the-prisoners-dilemma-cheat}},
}
@misc{lesswrong,
  title = {Prisoner's Dilemma Tournament Results},
  journal = {LessWrong},
  year = 2011,
  type = {Blog},
  howpublished = {\url{https://www.lesswrong.com/posts/hamma4XgeNrsvAJv5/prisoner-s-dilemma-tournament-results}},
}

https://www.lesswrong.com/posts/hamma4XgeNrsvAJv5/prisoner-s-dilemma-tournament-results
%%%%%%%%%%%%%%%%%%%%%%%%%%%%%%%%TOP RANKED%%%%%%%%%%%%%%%%%%%%%%%%%%%%%%%%%%%%%%
@article{Carvalho2013,
  title={Iterated Prisoner’s Dilemma-An extended analysis},
  author={Carvalho, A and Rocha, H and Amaral, F and Guimaraes, F},
  journal={Iterated Prisoner’s Dilemma-An extended analysis},
  year={2013}
}
@inproceedings{Ashlock2006,
  title={Changes in prisoner's dilemma strategies over evolutionary time with different population sizes},
  author={Ashlock, Wendy and Ashlock, Daniel},
  booktitle={2006 IEEE International Conference on Evolutionary Computation},
  pages={297--304},
  year={2006},
  organization={IEEE}
}
@inproceedings{Ashlock2014,
  title={The evolution of exploitation},
  author={Ashlock, Wendy and Tsang, Jeffrey and Ashlock, Daniel},
  booktitle={2014 IEEE Symposium on Foundations of Computational Intelligence (FOCI)},
  pages={135--142},
  year={2014},
  organization={IEEE}
}
@article{Nachbar1992,
  title={Evolution in the finitely repeated prisoner's dilemma},
  author={Nachbar, John H},
  journal={Journal of Economic Behavior \& Organization},
  volume={19},
  number={3},
  pages={307--326},
  year={1992},
  publisher={Elsevier}
}
@article{Van2015,
  title={The importance of mechanisms for the evolution of cooperation},
  author={Van den Berg, Pieter and Weissing, Franz J},
  journal={Proceedings of the Royal Society B: Biological Sciences},
  volume={282},
  number={1813},
  pages={20151382},
  year={2015},
  publisher={The Royal Society}
}
@article{Knight2019,
  author    = {Vincent A. Knight and
               Marc Harper and
               Nikoleta E. Glynatsi and
               Jonathan Gillard},
  title     = {Recognising and evaluating the effectiveness of extortion in the Iterated
               Prisoner's Dilemma},
  journal   = {CoRR},
  volume    = {abs/1904.00973},
  year      = {2019},
  url       = {http://arxiv.org/abs/1904.00973},
  archivePrefix = {arXiv},
  eprint    = {1904.00973},
  timestamp = {Wed, 24 Apr 2019 12:21:25 +0200},
  biburl    = {https://dblp.org/rec/bib/journals/corr/abs-1904-00973},
  bibsource = {dblp computer science bibliography, https://dblp.org}
}
%%%%%%%%%%%%%%%%%%%%%%%%%%%%%%%%%%%%%TEXTBOOKS%%%%%%%%%%%%%%%%%%%%%%%%%%%%%%%%%%%
@inproceedings{Arthur2007,
  title={k-means++: The advantages of careful seeding},
  author={Arthur, David and Vassilvitskii, Sergei},
  booktitle={Proceedings of the eighteenth annual ACM-SIAM symposium on Discrete algorithms},
  pages={1027--1035},
  year={2007},
  organization={Society for Industrial and Applied Mathematics}
}
@article{Rousseeuw1987,
  title={Silhouettes: a graphical aid to the interpretation and validation of cluster analysis},
  author={Rousseeuw, Peter J},
  journal={Journal of computational and applied mathematics},
  volume={20},
  pages={53--65},
  year={1987},
  publisher={Elsevier}
}
@article{breiman2001,
  title={Random forests},
  author={Breiman, Leo},
  journal={Machine learning},
  volume={45},
  number={1},
  pages={5--32},
  year={2001},
  publisher={Springer}
}
@article{hastie2005,
  title={The elements of statistical learning: data mining, inference and prediction},
  author={Hastie, Trevor and Tibshirani, Robert and Friedman, Jerome and Franklin, James},
  journal={The Mathematical Intelligencer},
  volume={27},
  number={2},
  pages={83--85},
  year={2005},
  publisher={Springer}
}

@article{knight2016,
  title={An open framework for the reproducible study of the iterated prisoner's dilemma},
  author={Knight, Vincent Anthony and Campbell, Owen and Harper, Marc and Langner,
   Karol M and Campbell, James and Campbell, Thomas and Carney, Alex and Chorley,
   Martin and Davidson-Pilon, Cameron and Glass, Kristian and others},
  journal={Journal of Open Research Software},
  volume={4},
  number={1},
  year={2016},
  publisher={Ubiquity Press}
}

@article{mathieu2017,
  title = {New Winning Strategies for the Iterated Prisoner's Dilemma},
  author = {Mathieu, Philippe and Delahaye, Jean-Paul},
  journal = {Journal of Artificial Societies and Social Simulation},
  ISSN = {1460-7425},
  volume = {20},
  number = {4},
  pages = {12},
  year = {2017},
  URL = {http://jasss.soc.surrey.ac.uk/20/4/12.html},
  DOI = {10.18564/jasss.3517},
  keywords = {Game Theory, Group Strategy, Iterated Prisoner&rsquo;s Dilemma (IPD),
  Agent Behaviour, Memory, Opponent Identification},
}

@inproceedings{Au2006,
  title={Accident or intention: that is the question (in the Noisy Iterated Prisoner's Dilemma)},
  author={Au, Tsz-Chiu and Nau, Dana},
  booktitle={Proceedings of the fifth international joint conference on Autonomous agents and multiagent systems},
  pages={561--568},
  year={2006},
  organization={ACM}
}

@incollection{Fudenberg2009,
  title={The folk theorem in repeated games with discounting or with incomplete information},
  author={Fudenberg, Drew and Maskin, Eric},
  booktitle={A Long-Run Collaboration On Long-Run Games},
  pages={209--230},
  year={2009},
  publisher={World Scientific}
}
%%%%%%%%%%%%%%%%%%%%%%%%%%%%%%BEST PRACTICES%%%%%%%%%%%%%%%%%%%%%%%%%%%%%%%%%%%%
@article{Aberdour2007,
  title={Achieving quality in open-source software},
  author={Aberdour, Mark},
  journal={IEEE software},
  volume={24},
  number={1},
  pages={58--64},
  year={2007},
  publisher={IEEE}
}
@article{Benureau2018,
  title={Re-run, repeat, reproduce, reuse, replicate: transforming code into scientific contributions},
  author={Benureau, Fabien CY and Rougier, Nicolas P},
  journal={Frontiers in neuroinformatics},
  volume={11},
  pages={69},
  year={2018},
  publisher={Frontiers}
}

%%%%%%%%%%%%%%%%%%%%%%%%%%%%%%%%%%%%TEAMS%%%%%%%%%%%%%%%%%%%%%%%%%%%%%%%%%%%%%%%
@article{J.P.Delahaye1993Lp,
journal = {Pour la Science (French Edition of Scientific American)},
pages = {102--107},
volume = {187},
year = {1993},
title = {L'altruisme perfectionné},
author = {J.P. Delahaye},
}

@misc{J.P.Delahaye1995LIeP,
year = {1995},
title = {Logique, Informatique et Paradoxes},
author = {J.P. Delahaye},
}

@article{A.Rogers2007Ctpw,
issn = {0304-3975},
journal = {Theoretical computer science.},
pages = {243--259},
volume = {377},
publisher = {North-Holland Pub Co},
number = {1-3},
year = {2007},
title = {Coordinating team players within a noisy Iterated Prisoner’s Dilemma
tournament},
address = {Amsterdam :},
author = {A. Rogers and Rogers, A and Dash, RK and Ramchurn, SD and Vytelingum,
P and Jennings, NR},
}
%%%%%%%%%%%%%%%%%%%%%%%%%%%%%%ARCHETYPES%%%%%%%%%%%%%%%%%%%%%%%%%%%%%%%%%%%%%%
@article{Axelrod1987,
author = "R. Axelrod",
title = {The Evolution of Strategies in the Iterated Prisoner's Dilemma},
journal = "Genetic Algorithms and Simulated Annealing",
ISSN = "",
publisher = "Morgan Kaufmann Publishers",
year = "1987",
month = "",
volume = "",
number = "",
pages = "32-41",
URL = "http://ci.nii.ac.jp/naid/10000082922/en/",
DOI = "",
}
@article{Miller1996,
title = {The coevolution of automata in the repeated Prisoner's Dilemma},
journal = "Journal of Economic Behavior and Organization",
volume = "29",
number = "1",
pages = "87 - 112",
year = "1996",
issn = "0167-2681",
doi = "https://doi.org/10.1016/0167-2681(95)00052-6",
url = "http://www.sciencedirect.com/science/article/pii/0167268195000526",
author = "J. H. Miller"
}


%%%%%%%%%%%%%%%%%%%%%%%%%%%%%%%%%%%%%%%%%%%%%%%%%%%%%%%%%%%%%%%%%%%%%%%%%%%%%%%
@article{Li2011,
    author = {Li, Jiawei and Hingston, Philip and Member, Senior and Kendall,
              Graham},
    number = {4},
    pages = {348--360},
    title = {{Engineering Design of Strategies for Winning Iterated Prisoner ' s
             Dilemma Competitions}},
    volume = {3},
    year = {2011}
}
@book{kendall2007iterated,
  title={The iterated prisoners' dilemma: 20 years on},
  author={Kendall, Graham and Yao, Xin and Chong, Siang Yew},
  volume={4},
  year={2007},
  publisher={World Scientific}
}
@article{Tzafestas2000,
	author = {Tzafestas, E},
	journal = {From Animals to animals: Proceedings of the 6th International Conference on the Simulation of Adaptive Behavior {(SAB-2000)}},
	pages = {334--340},
	title = {{Toward adaptive cooperative behavior}},
	volume = {2},
	year = {2000}
}
@article{Mittal2009,
	author = {Mittal, Shashi and Deb, Kalyanmoy},
	doi = {10.1109/TEVC.2008.2009459},
	isbn = {1424404649},
	issn = {1089778X},
	journal = {IEEE Transactions on Evolutionary Computation},
	keywords = {Evolutionary algorithms,Games,Multiobjective optimization,Prisoner's dilemma},
	number = {3},
	pages = {554--565},
	title = {{Optimal strategies of the iterated prisoner's dilemma problem for multiple conflicting objectives}},
	volume = {13},
	year = {2009}
}
@article{Hilbe2013,
  title={Adaptive dynamics of extortion and compliance},
  author={Hilbe, Christian and Nowak, Martin A and Traulsen, Arne},
  journal={PloS one},
  volume={8},
  number={11},
  pages={e77886},
  year={2013},
  publisher={Public Library of Science}
}
@article{Li2009,
    doi = {10.1162/evco.2009.17.2.257},
    isbn = {1063-6560},
    issn = {1063-6560},
    journal = {Evolutionary Computation},
    keywords = {Biological Evolution,Computer Simulation,Game
                Theory,Genetic,Models,Statistical},
    number = {2},
    pages = {257--274},
    pmid = {19413490},
    title = {{A strategy with novel evolutionary features for the iterated
             prisoner's dilemma.}},
    howpublished = {http://www.ncbi.nlm.nih.gov/pubmed/19413490},
    volume = {17},
    year = {2009}
}
@article{Axelrod1995,
  title={How to cope with noise in the iterated prisoner's dilemma},
  author={Wu, Jianzhong and Axelrod, Robert},
  journal={Journal of Conflict resolution},
  volume={39},
  number={1},
  pages={183--189},
  year={1995},
  publisher={Sage Periodicals Press 2455 Teller Road, Thousand Oaks, CA 91320}
}
@article{Frean1994,
  title={The prisoner's dilemma without synchrony},
  author={Frean, Marcus R},
  journal={Proceedings of the Royal Society of London B: Biological Sciences},
  volume={257},
  number={1348},
  pages={75--79},
  year={1994},
  publisher={The Royal Society}
}
@misc{PD2017,
  author       = {Unknown},
  title        = {www.prisoners-dilemma.com},
  year         = 2017,
  howpublished          = {http://www.prisoners-dilemma.com/}
}
@InCollection{Kuhn2017,
	author       =	{Kuhn, Steven},
	title        =	{Prisoner's Dilemma},
	booktitle    =	{The Stanford Encyclopedia of Philosophy},
	editor       =	{Edward N. Zalta},
	howpublished =	{\url{https://plato.stanford.edu/archives/spr2017/entries/prisoner-dilemma/}},
	year         =	{2017},
	edition      =	{Spring 2017},
	publisher    =	{Metaphysics Research Lab, Stanford University}
}
@inproceedings{Beaufils1997,
  title={Our meeting with gradual, a good strategy for the iterated prisoner’s dilemma},
  author={Beaufils, Bruno and Delahaye, Jean-Paul and Mathieu, Philippe},
  booktitle={Proceedings of the Fifth International Workshop on the Synthesis and Simulation of Living Systems},
  pages={202--209},
  year={1997}
}
@misc{Eckhart2015,
  author       = {Eckhart Arnold},
  title        = { CoopSim v0.9.9 beta 6},
  year         = 2015,
  howpublished = {https://github.com/jecki/CoopSim/}
}
@article{Robson1990,
  title={Efficiency in evolutionary games: Darwin, Nash and the secret handshake},
  author={Robson, Arthur J},
  journal={Journal of theoretical Biology},
  volume={144},
  number={3},
  pages={379--396},
  year={1990},
  publisher={Elsevier}
}

@article{Banks1990,
  title={Repeated games, finite automata, and complexity},
  author={Banks, Jeffrey S and Sundaram, Rangarajan K},
  journal={Games and Economic Behavior},
  volume={2},
  number={2},
  pages={97--117},
  year={1990},
  publisher={Elsevier}
}
@article{Kraines1989,
  title={Pavlov and the prisoner's dilemma},
  author={Kraines, David and Kraines, Vivian},
  journal={Theory and decision},
  volume={26},
  number={1},
  pages={47--79},
  year={1989},
  publisher={Springer}
}
@article{Gaudesi2016,
  title={Exploiting evolutionary modeling to prevail in iterated prisoner’s dilemma tournaments},
  author={Gaudesi, Marco and Piccolo, Elio and Squillero, Giovanni and Tonda, Alberto},
  journal={IEEE Transactions on Computational Intelligence and AI in Games},
  volume={8},
  number={3},
  pages={288--300},
  year={2016},
  publisher={IEEE}
}
@article{Li2014,
	author = {Li, Jiawei and Kendall, Graham and Member, Senior},
	number = {X},
	pages = {1--8},
	title = {{The effect of memory size on the evolutionary stability of strategies in iterated prisoner ' s dilemma}},
	volume = {X},
	year = {2014}
}
@article{Ashlock2008,
  title={Fingerprinting: Visualization and automatic analysis of prisoner's dilemma strategies},
  author={Ashlock, Daniel and Kim, Eun-Youn},
  journal={IEEE Transactions on Evolutionary Computation},
  volume={12},
  number={5},
  pages={647--659},
  year={2008},
  publisher={IEEE}
}
@article{Andre2013,
  year={2013},
  title={Iterated Prisoner’s Dilemma-An extended analysis},
  author={Carvalho, Andre LC and Rocha, Honovan P and Amaral, Felipe T and Guimaraes, Frederico G}
}
@article{Ashlock2015,
  title={Multiple Opponent Optimization of Prisoner’s Dilemma Playing Agents},
  author={Ashlock, Daniel and Brown, Joseph Alexander and Hingston, Philip},
  journal={IEEE Transactions on Computational Intelligence and AI in Games},
  volume={7},
  number={1},
  pages={53--65},
  year={2015},
  publisher={IEEE}
}
%%%%%%%%%%%%%%%%%%%%%%%%%%%%%%%%%%%%%%%%%%%%%%%%%%%%%%%%%%%%%%%%%%%%%%%%%%%%%%%
@article{scikit-learn,
 title={Scikit-learn: Machine Learning in {P}ython},
 author={Pedregosa, F. and Varoquaux, G. and Gramfort, A. and Michel, V.
         and Thirion, B. and Grisel, O. and Blondel, M. and Prettenhofer, P.
         and Weiss, R. and Dubourg, V. and Vanderplas, J. and Passos, A. and
         Cournapeau, D. and Brucher, M. and Perrot, M. and Duchesnay, E.},
 journal={Journal of Machine Learning Research},
 volume={12},
 pages={2825--2830},
 year={2011}
}
@article{hunter2007matplotlib,
  title = {{Matplotlib: A 2D graphics environment}},
  author = {Hunter, J. D.},
  journal = {Computing In Science \& Engineering},
  volume = {9},
  number = {3},
  pages = {90--95},
  year = {2007},
  publisher = {IEEE}
}
@article{walt2011numpy,
  title = {{The NumPy array: a structure for efficient numerical computation}},
  author = {Walt, S. and Colbert, S. C. and Varoquaux, G.},
  journal = {Computing in Science \& Engineering},
  volume = {13},
  number = {2},
  pages = {22--30},
  year = {2011},
  publisher = {IEEE}
}
%%%%%%%%%%%%%%%%%%%%%%%%%%%%%%DATA%%%%%%%%%%%%%%%%%%%%%%%%%%%%%%%%%%%%%%
@misc{data,
  author       = {Nikoleta E. Glynatsi},
  title        = {{A data set of 45686 Iterated Prisoner's Dilemma 
                   tournaments' results}},
  month        = oct,
  year         = 2019,
  publisher    = {Zenodo},
  version      = {0.0.1},
  doi          = {10.5281/zenodo.3516652},
  url          = {https://doi.org/10.5281/zenodo.3516652}
}
@article{Axelrod1981,
    author = {Axelrod, Robert and Hamilton, William D.},
    title = {The evolution of cooperation},
    volume = {211},
    number = {4489},
    pages = {1390--1396},
    year = {1981},
    doi = {10.1126/science.7466396},
    publisher = {American Association for the Advancement of Science},
    issn = {0036-8075},
    URL = {http://science.sciencemag.org/content/211/4489/1390},
    eprint = {http://science.sciencemag.org/content/211/4489/1390.full.pdf},
    journal = {Science}
}
@article{Axelrod1980a,
    ISSN = {00220027, 15528766},
    URL = {http://www.jstor.org/stable/173932},
    author = {Axelrod, Robert},
    journal = {The Journal of Conflict Resolution},
    number = {1},
    pages = {3-25},
    publisher = {Sage Publications, Inc.},
    title = {Effective Choice in the Prisoner's Dilemma},
    volume = {24},
    year = {1980}
}
@article{Axelrod1980b,
    ISSN = {00220027, 15528766},
    URL = {http://www.jstor.org/stable/173638},
    author = {Axelrod, Robert},
    journal = {The Journal of Conflict Resolution},
    number = {3},
    pages = {379-403},
    publisher = {Sage Publications, Inc.},
    title = {More Effective Choice in the Prisoner's Dilemma},
    volume = {24},
    year = {1980}
}
@article{Nowak1989,
    title={Game-dynamical aspects of the prisoner's dilemma},
    author={Nowak, Martin and Sigmund, Karl},
    journal={Applied Mathematics and Computation},
    volume={30},
    number={3},
    pages={191--213},
    year={1989},
    publisher={Elsevier}
}
@article{Nowak1990,
    title={The evolution of stochastic strategies in the prisoner's dilemma},
    author={Nowak, Martin and Sigmund, Karl},
    journal={Acta Applicandae Mathematicae},
    volume={20},
    number={3},
    pages={247--265},
    year={1990},
    publisher={Springer}
}
@article{Nowak1993,
  title={A strategy of win-stay, lose-shift that outperforms tit-for-tat in the Prisoner's Dilemma game},
  author={Nowak, Martin and Sigmund, Karl},
  journal={Nature},
  volume={364},
  number={6432},
  pages={56},
  year={1993},
  publisher={Nature Publishing Group}
}

@article{Harper2015,
    author = {Lee, Christopher and Harper, Marc and Fryer, Dashiell},
    journal = {PLOS ONE},
    publisher = {Public Library of Science},
    title = {The Art of War: Beyond Memory-one Strategies in Population Games},
    year = {2015},
    month = {03},
    volume = {10},
    url = {https://doi.org/10.1371/journal.pone.0120625},
    pages = {1-16}, 
    number = {3},
    doi = {10.1371/journal.pone.0120625}
}
@article{Knight2018,
    author = {Knight, Vincent and Harper, Marc and Glynatsi, Nikoleta E. and Campbell, Owen},
    journal = {PLOS ONE},
    publisher = {Public Library of Science},
    title = {Evolution reinforces cooperation with the emergence of self-recognition mechanisms: An empirical study of strategies in the Moran process for the iterated prisoner’s dilemma},
    year = {2018},
    month = {10},
    volume = {13},
    url = {https://doi.org/10.1371/journal.pone.0204981},
    pages = {1-33},
    number = {10},
    doi = {10.1371/journal.pone.0204981}
}
@article{Adami2013,
  title={Evolutionary instability of zero-determinant strategies demonstrates that winning is not everything},
  author={Adami, Christoph and Hintze, Arend},
  journal={Nature communications},
  volume={4},
  pages={2193},
  year={2013},
  publisher={Nature Publishing Group}
}
@article{Hilbe2015,
title = "Partners or rivals? Strategies for the iterated prisoner's dilemma",
journal = "Games and Economic Behavior",
volume = "92",
pages = "41 - 52",
year = "2015",
issn = "0899-8256",
doi = "https://doi.org/10.1016/j.geb.2015.05.005",
url = "http://www.sciencedirect.com/science/article/pii/S0899825615000822",
author = "Hilbe, Christian and Traulsen, Arne and Sigmund, Karl",
}
@article{Hilbe2013b,
  title={Evolution of extortion in iterated prisoner’s dilemma games},
  author={Hilbe, Christian and Nowak, Martin and Sigmund, Karl},
  journal={Proceedings of the National Academy of Sciences},
  pages={201214834},
  year={2013},
  publisher={National Acad Sciences}
}
@book{kepner2011,
  title={Graph algorithms in the language of linear algebra},
  author={Kepner, Jeremy and Gilbert, John},
  year={2011},
  publisher={SIAM}
}
@misc{axelrodproject,
  author       = {{ {The Axelrod project developers} }},
  title        = {Axelrod: 4.4.0},
  month        = apr,
  year         = 2016,
  doi          = {10.5281/zenodo.1476181},
  url          = {http://dx.doi.org/10.5281/zenodo.<DOI NUMBER>}
}
@book{Tadelis2013,
  title={Game theory: an introduction},
  author={Tadelis, Steve},
  year={2013},
  publisher={Princeton University Press}
}
@article{Hongyan2014,
author = {Cai, Hongyan and Wang, Yanfei and Yi, Tao},
title = {An approach for minimizing a quadratically constrained fractional 
quadratic problem with application to the communications over wireless channels
},
journal = {Optimization Methods and Software},
volume = {29},
number = {2},
pages = {310-320},
year = {2014},
doi = {10.1080/10556788.2012.711330},
URL = {http://dx.doi.org/10.1080/10556788.2012.711330},
eprint = {http://dx.doi.org/10.1080/10556788.2012.711330}
}
@article{Beck2009,
author="Beck, Amir
and Teboulle, Marc",
title="A convex optimization approach for minimizing the ratio of indefinite 
quadratic functions over an ellipsoid",
journal="Mathematical Programming",
year="2009",
volume="118",
number="1",
pages="13--35",
issn="1436-4646",
doi="10.1007/s10107-007-0181-x",
url="http://dx.doi.org/10.1007/s10107-007-0181-x"
}
@book{bertsekas2014,
  title={Constrained optimization and Lagrange multiplier methods},
  author={Bertsekas, Dimitri P},
  year={2014},
  publisher={Academic press}
}
@article{Giorgi2016,
 author = {Giorgi, Giorgio and Jim{\'e}nez, Bienvenido and Novo, Vicente},
 title = {Approximate Karush---Kuhn---Tucker Condition in Multiobjective Optimization},
 journal = {J. Optim. Theory Appl.},
 issue_date = {October   2016},
 volume = {171},
 number = {1},
 month = oct,
 year = {2016},
 issn = {0022-3239},
 pages = {70--89},
 numpages = {20},
 url = {http://dx.doi.org/10.1007/s10957-016-0986-y},
 doi = {10.1007/s10957-016-0986-y},
 acmid = {3001290},
 publisher = {Plenum Press},
 address = {New York, NY, USA},
}
@article{Jonsson2005,
  title={Accurate solution of polynomial equations using Macaulay resultant matrices},
  author={Jonsson, Gubjorn and Vavasis, Stephen},
  journal={Mathematics of computation},
  volume={74},
  number={249},
  pages={221--262},
  year={2005}
}
@InProceedings{Mokus1978,
author="Mo{\v{c}}kus, J.",
title="On bayesian methods for seeking the extremum",
booktitle="Optimization Techniques IFIP Technical Conference Novosibirsk, July 1--7, 1974",
year="1975",
publisher="Springer Berlin Heidelberg",
address="Berlin, Heidelberg",
pages="400--404",
isbn="978-3-540-37497-8"
}
@article{Jones2001,
  title={A taxonomy of global optimization methods based on response surfaces},
  author={Jones, Donald R},
  journal={Journal of global optimization},
  volume={21},
  number={4},
  pages={345--383},
  year={2001},
  publisher={Springer}
}
@article{Storn1997,
  title={Differential evolution--a simple and efficient heuristic for global optimization over continuous spaces},
  author={Storn, Rainer and Price, Kenneth},
  journal={Journal of global optimization},
  volume={11},
  number={4},
  pages={341--359},
  year={1997},
  publisher={Springer}
}
@misc{tim_head_2018_1207017,
  author       = {Tim Head and
                  MechCoder and
                  Gilles Louppe and
                  Iaroslav Shcherbatyi and
                  fcharras and
                  Zé Vinícius and
                  cmmalone and
                  Christopher Schröder and
                  nel215 and
                  Nuno Campos and
                  Todd Young and
                  Stefano Cereda and
                  Thomas Fan and
                  rene-rex and
                  Kejia (KJ) Shi and
                  Justus Schwabedal and
                  carlosdanielcsantos and
                  Hvass-Labs and
                  Mikhail Pak and
                  SoManyUsernamesTaken and
                  Fred Callaway and
                  Loïc Estève and
                  Lilian Besson and
                  Mehdi Cherti and
                  Karlson Pfannschmidt and
                  Fabian Linzberger and
                  Christophe Cauet and
                  Anna Gut and
                  Andreas Mueller and
                  Alexander Fabisch},
  title        = {scikit-optimize/scikit-optimize: v0.5.2},
  month        = mar,
  year         = 2018,
  doi          = {10.5281/zenodo.1207017},
  url          = {https://doi.org/10.5281/zenodo.1207017}
}
@article{hunter2007matplotlib,
  title = {{Matplotlib: A 2D graphics environment}},
  author = {Hunter, John D.},
  journal = {Computing In Science \& Engineering},
  volume = {9},
  number = {3},
  pages = {90--95},
  year = {2007},
  publisher = {IEEE}
}
@article{sympy,
  title = {SymPy: symbolic computing in Python},
  author = {Meurer, Aaron and Smith, Christopher and Paprocki, Mateusz and
  Čertík, Ondřej and Kirpichev, Sergey and Rocklin, Matthew and Kumar, AMiT and
  Ivanov, Sergiu and Moore, Jason and Singh, Sartaj and Rathnayake, Thilina and
  Vig, Sean and Granger, Brian and Muller, Richard and Bonazzi, Francesco and
  Gupta, Harsh and Vats, Shivam and Johansson, Fredrik and Pedregosa, Fabian and
  Scopatz, Anthony},
  year = 2017,
  volume = 3,
  journal = {PeerJ Computer Science},
  issn = {2376-5992},
  url = {https://doi.org/10.7717/peerj-cs.103},
  doi = {10.7717/peerj-cs.103}
}
@article{walt2011numpy,
  title = {{The NumPy array: a structure for efficient numerical computation}},
  author = {Van Der Walt, Stefan and Colbert, S. Chris and Varoquaux, Gael},
  journal = {Computing in Science \& Engineering},
  volume = {13},
  number = {2},
  pages = {22--30},
  year = {2011},
  publisher = {IEEE}
}
@book{Anton2014,
  added-at = {2016-05-31T10:53:16.000+0200},
  author = {Anton, Howard and Rorres, Chris},
  biburl = {https://www.bibsonomy.org/bibtex/23d125adef6e8701a7dce93bdc817f3bc/ytyoun},
  edition = {Eleventh},
  interhash = {661a46a89feed199e73bf45361ebae37},
  intrahash = {3d125adef6e8701a7dce93bdc817f3bc},
  isbn = {9781118434413 1118434412 9781118474228 1118474228},
  keywords = {linear.algebra matrix textbook},
  publisher = {Wiley},
  refid = {856647689},
  timestamp = {2016-05-31T13:03:34.000+0200},
  title = {Elementary Linear Algebra: Applications Version},
  year = 2014
}
%%%%%%%%%%%%%%%%%%%%%%%%%%%%%%%%DATA%%%%%%%%%%%%%%%%%%%%%%%%%%%%%%%%%%%%%%%%%%%%
@misc{glynatsi2019,
  author       = {Glynatsi, Nikoleta E.},
  title        = {{Raw data for: "Stability of defection,
                   optimisation of strategies and the limits of
                   memory in the Prisoner's Dilemma."}},
  month        = sep,
  year         = 2019,
  doi          = {10.5281/zenodo.3402179},
  url          = {https://doi.org/10.5281/zenodo.3402179}
}