@article{Glynatsi2018,
  title={An evolutionary game theoretic model of rhino horn devaluation},
  author={Glynatsi, Nikoleta E and Knight, Vincent and Lee, Tamsin E},
  journal={Ecological Modelling},
  volume={389},
  pages={33--40},
  year={2018},
  publisher={Elsevier}
}

@misc{Glynatsi2017_game,
 howpublished = {\url{https://github.com/Nikoleta-v3/Game-Theory-and-Python}},
 author = {Nikoleta E. Glynatsi and Vincent A. Knight},
 title = {Game Theory and Python},
 type = {GitHub Repository},
 year = {2017}
}