@article{Franken2005,
  title={Particle swarm optimization approaches to coevolve strategies for the iterated prisoner's dilemma},
  author={Franken, Nelis and Engelbrecht, Andries Petrus},
  journal={IEEE Transactions on evolutionary computation},
  volume={9},
  number={6},
  pages={562--579},
  year={2005},
  publisher={IEEE}
}

@article{Chellapilla1999,
  title={Evolving neural networks to play checkers without relying on expert knowledge},
  author={Chellapilla, Kumar and Fogel, David B},
  journal={IEEE transactions on neural networks},
  volume={10},
  number={6},
  pages={1382--1391},
  year={1999},
  publisher={IEEE}
}

@article{Fogel2004,
  title={A self-learning evolutionary chess program},
  author={Fogel, David B and Hays, Timothy J and Hahn, Sarah L and Quon, James},
  journal={Proceedings of the IEEE},
  volume={92},
  number={12},
  pages={1947--1954},
  year={2004},
  publisher={IEEE}
}

@article{Fogel1993,
  title={Evolving behaviors in the iterated prisoner's dilemma},
  author={Fogel, David B},
  journal={Evolutionary Computation},
  volume={1},
  number={1},
  pages={77--97},
  year={1993},
  publisher={MIT Press}
}

@article{Wang2017,
  title={Iterated Prisoners Dilemma with Reinforcement Learning},
  author={Wang, Keven},
  journal={Course Project. Stanford University. url: http://web. stanford.
  edu/class/psych209/Readings/2017ProjectExamples/wangkeven\_17581\_1628229\_psych209\_paper.
  pdf},
  year={2017}
}

@article{Sandholm1996,
  title={Multiagent reinforcement learning in the iterated prisoner's dilemma},
  author={Sandholm, Tuomas W and Crites, Robert H},
  journal={Biosystems},
  volume={37},
  number={1-2},
  pages={147--166},
  year={1996},
  publisher={Elsevier}
}

@article{McCulloch1943,
  title={A logical calculus of the ideas immanent in nervous activity},
  author={McCulloch, Warren S and Pitts, Walter},
  journal={The bulletin of mathematical biophysics},
  volume={5},
  number={4},
  pages={115--133},
  year={1943},
  publisher={Springer}
}

@article{Jain1996,
  title={Artificial neural networks: A tutorial},
  author={Jain, Anil K and Mao, Jianchang and Mohiuddin, K Moidin},
  journal={Computer},
  volume={29},
  number={3},
  pages={31--44},
  year={1996},
  publisher={IEEE}
}

@techreport{Rosenblatt1961,
  title={Principles of neurodynamics. perceptrons and the theory of brain mechanisms},
  author={Rosenblatt, Frank},
  year={1961},
  institution={Cornell Aeronautical Lab Inc Buffalo NY}
}

@article{Rosenblatt1958,
  title={The perceptron: a probabilistic model for information storage and organization in the brain.},
  author={Rosenblatt, Frank},
  journal={Psychological review},
  volume={65},
  number={6},
  pages={386},
  year={1958},
  publisher={American Psychological Association}
}

@article{Minsky1969,
  title={An introduction to computational geometry},
  author={Minsky, Marvin and Papert, Seymour},
  journal={Cambridge tiass., HIT},
  year={1969}
}

@article{Werbos1974,
  title={Beyond regression: New tools for prediction and analysis in the behavioral sciences. Ph. D. thesis, Harvard University, Cambridge, MA, 1974},
  author={Werbos, PJ},
  year={1974}
}

@article{McClelland1986,
  title={Parallel distributed processing},
  author={McClelland, James L and Rumelhart, David E and PDP Research Group and others},
  journal={Explorations in the Microstructure of Cognition},
  volume={2},
  pages={216--271},
  year={1986},
  publisher={MIT Press Cambridge, Ma}
}

@article{Bengio1994,
  title={Learning long-term dependencies with gradient descent is difficult},
  author={Bengio, Yoshua and Simard, Patrice and Frasconi, Paolo},
  journal={IEEE transactions on neural networks},
  volume={5},
  number={2},
  pages={157--166},
  year={1994},
  publisher={IEEE}
}

@article{Hochreiter1997,
  title={Long short-term memory},
  author={Hochreiter, Sepp and Schmidhuber, J{\"u}rgen},
  journal={Neural computation},
  volume={9},
  number={8},
  pages={1735--1780},
  year={1997},
  publisher={MIT Press}
}

@misc{Chollet2015,
  title={Keras},
  author={Chollet, Fran\c{c}ois and others},
  year={2015},
  howpublished={\url{https://keras.io}},
}

@article{Darwen2001,
  title={Why more choices cause less cooperation in iterated prisoner's dilemma},
  author={Darwen, Paul J and Yao, Xin},
  booktitle={Proceedings of the 2001 Congress on Evolutionary Computation (IEEE Cat. No. 01TH8546)},
  volume={2},
  pages={987--994},
  year={2001},
  organization={IEEE}
}

@inproceedings{Malhotra2015,
  title={Long short term memory networks for anomaly detection in time series},
  author={Malhotra, Pankaj and Vig, Lovekesh and Shroff, Gautam and Agarwal, Puneet},
  booktitle={Proceedings},
  volume={89},
  year={2015},
  organization={Presses universitaires de Louvain}
}

@article{Sak2014,
  title={Long short-term memory based recurrent neural network architectures for large vocabulary speech recognition},
  author={Sak, Ha{\c{s}}im and Senior, Andrew and Beaufays, Fran{\c{c}}oise},
  journal={arXiv preprint arXiv:1402.1128},
  year={2014}
}

@article{Wang2018_lstm,
  title={Segment-tube: Spatio-temporal action localization in untrimmed videos with per-frame segmentation},
  author={Wang, Le and Duan, Xuhuan and Zhang, Qilin and Niu, Zhenxing and Hua, Gang and Zheng, Nanning},
  journal={Sensors},
  volume={18},
  number={5},
  pages={1657},
  year={2018},
  publisher={Multidisciplinary Digital Publishing Institute}
}

@article{Wythoff1993,
  title={Backpropagation neural networks: a tutorial},
  author={Wythoff, Barry J},
  journal={Chemometrics and Intelligent Laboratory Systems},
  volume={18},
  number={2},
  pages={115--155},
  year={1993},
  publisher={Elsevier}
}

@article{Silver2016,
  title={Mastering the game of Go with deep neural networks and tree search},
  author={Silver, David and Huang, Aja and Maddison, Chris J and Guez, Arthur and Sifre, Laurent and Van Den Driessche, George and Schrittwieser, Julian and Antonoglou, Ioannis and Panneershelvam, Veda and Lanctot, Marc and others},
  journal={nature},
  volume={529},
  number={7587},
  pages={484},
  year={2016},
  publisher={Nature Publishing Group}
}

@inproceedings{Baldi2013,
  title={Understanding dropout},
  author={Baldi, Pierre and Sadowski, Peter J},
  booktitle={Advances in neural information processing systems},
  pages={2814--2822},
  year={2013}
}

@article{Gurney2007,
  title={Neural networks for perceptual processing: from simulation tools to theories},
  author={Gurney, Kevin},
  journal={Philosophical Transactions of the Royal Society B: Biological Sciences},
  volume={362},
  number={1479},
  pages={339--353},
  year={2007},
  publisher={The Royal Society London}
}

@article{Krose1993,
  title={An introduction to neural networks},
  author={Kr{\"o}se, Ben and Krose, Ben and van der Smagt, Patrick and Smagt, Patrick},
  year={1993},
  publisher={Citeseer}
}

@article{Karlik2011,
  title={Performance analysis of various activation functions in generalized MLP architectures of neural networks},
  author={Karlik, Bekir and Olgac, A Vehbi},
  journal={International Journal of Artificial Intelligence and Expert Systems},
  volume={1},
  number={4},
  pages={111--122},
  year={2011}
}

@article{Ruder2016,
  title={An overview of gradient descent optimization algorithms},
  author={Ruder, Sebastian},
  journal={arXiv preprint arXiv:1609.04747},
  year={2016}
}

@article{Rumelhart1986,
  title={Learning representations by back-propagating errors},
  author={Rumelhart, David E and Hinton, Geoffrey E and Williams, Ronald J},
  journal={nature},
  volume={323},
  number={6088},
  pages={533--536},
  year={1986},
  publisher={Nature Publishing Group}
}

@book{Berger2005,
  title={Hardware and computer organization},
  author={Berger, Arnold S},
  year={2005},
  publisher={Newnes}
}

@inproceedings{Catanzaro2008,
  title={Fast support vector machine training and classification on graphics processors},
  author={Catanzaro, Bryan and Sundaram, Narayanan and Keutzer, Kurt},
  booktitle={Proceedings of the 25th international conference on Machine learning},
  pages={104--111},
  year={2008}
}

@inproceedings{Harris2008,
  title={Many-core GPU computing with NVIDIA CUDA},
  author={Harris, Mark},
  booktitle={Proceedings of the 22nd annual international conference on Supercomputing},
  pages={1--1},
  year={2008}
}

@inproceedings{Steinkraus2005,
  title={Using GPUs for machine learning algorithms},
  author={Steinkraus, Dave and Buck, Ian and Simard, PY},
  booktitle={Eighth International Conference on Document Analysis and Recognition (ICDAR'05)},
  pages={1115--1120},
  year={2005},
  organization={IEEE}
}

@inproceedings{Raina2009,
  title={Large-scale deep unsupervised learning using graphics processors},
  author={Raina, Rajat and Madhavan, Anand and Ng, Andrew Y},
  booktitle={Proceedings of the 26th annual international conference on machine learning},
  pages={873--880},
  year={2009}
}

@inproceedings{Krizhevsky2012,
  title={Imagenet classification with deep convolutional neural networks},
  author={Krizhevsky, Alex and Sutskever, Ilya and Hinton, Geoffrey E},
  booktitle={Advances in neural information processing systems},
  pages={1097--1105},
  year={2012}
}

@article{Kingma2014,
  title={Adam: A method for stochastic optimization},
  author={Kingma, Diederik P and Ba, Jimmy},
  journal={arXiv preprint arXiv:1412.6980},
  year={2014}
}

@misc{std_tournament_results,
  author       = {Glynatsi, Nikoleta E},
  title        = {{Iterated Prisoner's Dilemma computer tournament 
                   with 218 strategies results: Axelrod-Python
                   version 3.10}},
  month        = may,
  year         = 2020,
  publisher    = {Zenodo},
  version      = {v1.0.0.},
  doi          = {10.5281/zenodo.3831475},
  howpublished = {\url{https://doi.org/10.5281/zenodo.3831475}}
}

@article{Abiodun2019,
  title={Comprehensive Review of Artificial Neural Network Applications to Pattern Recognition},
  author={Abiodun, Oludare Isaac and Jantan, Aman and Omolara, Abiodun Esther and Dada, Kemi Victoria and Umar, Abubakar Malah and Linus, Okafor Uchenwa and Arshad, Humaira and Kazaure, Abdullahi Aminu and Gana, Usman and Kiru, Muhammad Ubale},
  journal={IEEE Access},
  volume={7},
  pages={158820--158846},
  year={2019},
  publisher={IEEE}
}

@article{Shahid2019,
  title={Applications of artificial neural networks in health care organizational decision-making: A scoping review},
  author={Shahid, Nida and Rappon, Tim and Berta, Whitney},
  journal={PloS one},
  volume={14},
  number={2},
  year={2019},
  publisher={Public Library of Science}
}

@article{Mohanraj2015,
  title={Applications of artificial neural networks for thermal analysis of heat exchangers--a review},
  author={Mohanraj, M and Jayaraj, S and Muraleedharan, C},
  journal={International Journal of Thermal Sciences},
  volume={90},
  pages={150--172},
  year={2015},
  publisher={Elsevier}
}

@inproceedings{Li2010,
  title={Applications of artificial neural networks in financial economics: a survey},
  author={Li, Yuhong and Ma, Weihua},
  booktitle={2010 International symposium on computational intelligence and design},
  volume={1},
  pages={211--214},
  year={2010},
  organization={IEEE}
}

@book{Goodfellow2016,
  title={Deep learning},
  author={Goodfellow, Ian and Bengio, Yoshua and Courville, Aaron},
  year={2016},
  publisher={MIT press}
}

@book{Bishop2006,
  title={Pattern recognition and machine learning},
  author={Bishop, Christopher M},
  year={2006},
  publisher={springer}
}

@article{Ruder2016,
  title={An overview of gradient descent optimization algorithms},
  author={Ruder, Sebastian},
  journal={arXiv preprint arXiv:1609.04747},
  year={2016}
}

@book{Vasilev2019,
  title={Python Deep Learning: Exploring deep learning techniques and neural network architectures with Pytorch, Keras, and TensorFlow},
  author={Vasilev, Ivan and Slater, Daniel and Spacagna, Gianmario and Roelants, Peter and Zocca, Valentino},
  year={2019},
  publisher={Packt Publishing Ltd}
}

@misc{Tensorflow2015,
title={{TensorFlow}: Large-Scale Machine Learning on Heterogeneous Systems},
url={http://tensorflow.org/},
note={Software available from tensorflow.org},
author={
    Mart\'{\i}n~Abadi and
    Ashish~Agarwal and
    Paul~Barham and
    Eugene~Brevdo and
    Zhifeng~Chen and
    Craig~Citro and
    Greg~S.~Corrado and
    Andy~Davis and
    Jeffrey~Dean and
    Matthieu~Devin and
    Sanjay~Ghemawat and
    Ian~Goodfellow and
    Andrew~Harp and
    Geoffrey~Irving and
    Michael~Isard and
    Yangqing Jia and
    Rafal~Jozefowicz and
    Lukasz~Kaiser and
    Manjunath~Kudlur and
    Josh~Levenberg and
    Dan~Man\'{e} and
    Rajat~Monga and
    Sherry~Moore and
    Derek~Murray and
    Chris~Olah and
    Mike~Schuster and
    Jonathon~Shlens and
    Benoit~Steiner and
    Ilya~Sutskever and
    Kunal~Talwar and
    Paul~Tucker and
    Vincent~Vanhoucke and
    Vijay~Vasudevan and
    Fernanda~Vi\'{e}gas and
    Oriol~Vinyals and
    Pete~Warden and
    Martin~Wattenberg and
    Martin~Wicke and
    Yuan~Yu and
    Xiaoqiang~Zheng},
  year={2015},
}

@misc{pytorch,
title = {PyTorch: An Imperative Style, High-Performance Deep Learning Library},
author = {Paszke, Adam and Gross, Sam and Massa, Francisco and Lerer, Adam and Bradbury, James and Chanan, Gregory and Killeen, Trevor and Lin, Zeming and Gimelshein, Natalia and Antiga, Luca and Desmaison, Alban and Kopf, Andreas and Yang, Edward and DeVito, Zachary and Raison, Martin and Tejani, Alykhan and Chilamkurthy, Sasank and Steiner, Benoit and Fang, Lu and Bai, Junjie and Chintala, Soumith},
booktitle = {Advances in Neural Information Processing Systems 32},
editor = {H. Wallach and H. Larochelle and A. Beygelzimer and F. d\textquotesingle Alch\'{e}-Buc and E. Fox and R. Garnett},
pages = {8024--8035},
year = {2019},
publisher = {Curran Associates, Inc.},
url = {http://papers.neurips.cc/paper/9015-pytorch-an-imperative-style-high-performance-deep-learning-library.pdf}
}

@article{Mei2018,
  title={Automatic fabric defect detection with a multi-scale convolutional denoising autoencoder network model},
  author={Mei, Shuang and Wang, Yudan and Wen, Guojun},
  journal={Sensors},
  volume={18},
  number={4},
  pages={1064},
  year={2018},
  publisher={Multidisciplinary Digital Publishing Institute}
}

@article{Soffer2019,
  title={Convolutional neural networks for radiologic images: a radiologist’s guide},
  author={Soffer, Shelly and Ben-Cohen, Avi and Shimon, Orit and Amitai, Michal Marianne and Greenspan, Hayit and Klang, Eyal},
  journal={Radiology},
  volume={290},
  number={3},
  pages={590--606},
  year={2019},
  publisher={Radiological Society of North America}
}

@article{Barbastathis2019,
  title={On the use of deep learning for computational imaging},
  author={Barbastathis, George and Ozcan, Aydogan and Situ, Guohai},
  journal={Optica},
  volume={6},
  number={8},
  pages={921--943},
  year={2019},
  publisher={Optical Society of America}
}