@misc{Glynatsi2020_sequences,
  author       = {Glynatsi, Nikoleta E.},
  title        = {Best Response Sequences in the Prisoner's Dilemma},
  month        = feb,
  year         = 2020,
  publisher    = {Zenodo},
  version      = {1.0.0},
  doi          = {10.5281/zenodo.3685251},
  howpublished          = "\url{https://doi.org/10.5281/zenodo.3685251}"
}

@article{Whitley1994,
  title={A genetic algorithm tutorial},
  author={Whitley, Darrell},
  journal={Statistics and computing},
  volume={4},
  number={2},
  pages={65--85},
  year={1994},
  publisher={Springer}
}

@incollection{Yang1998,
  title={Feature subset selection using a genetic algorithm},
  author={Yang, Jihoon and Honavar, Vasant},
  booktitle={Feature extraction, construction and selection},
  pages={117--136},
  year={1998},
  publisher={Springer}
}

@article{Hou1994,
  title={A genetic algorithm for multiprocessor scheduling},
  author={Hou, Edwin SH and Ansari, Nirwan and Ren, Hong},
  journal={IEEE Transactions on Parallel and Distributed systems},
  volume={5},
  number={2},
  pages={113--120},
  year={1994},
  publisher={IEEE}
}

@article{Jones1997,
  title={Development and validation of a genetic algorithm for flexible docking},
  author={Jones, Gareth and Willett, Peter and Glen, Robert C and Leach, Andrew R and Taylor, Robin},
  journal={Journal of molecular biology},
  volume={267},
  number={3},
  pages={727--748},
  year={1997},
  publisher={Elsevier}
}